@inproceedings{dehne1998practical,
  title={Practical parallel algorithms for minimum spanning trees},
  author={Dehne, Frank and Gotz, Silvia},
  booktitle={Proceedings Seventeenth IEEE Symposium on Reliable Distributed Systems (Cat. No. 98CB36281)},
  pages={366--371},
  year={1998},
  organization={IEEE}
}

@inproceedings{osipov2009filter,
  title={The filter-kruskal minimum spanning tree algorithm},
  author={Osipov, Vitaly and Sanders, Peter and Singler, Johannes},
  booktitle={2009 Proceedings of the Eleventh Workshop on Algorithm Engineering and Experiments (ALENEX)},
  pages={52--61},
  year={2009},
  organization={SIAM}
}
@article{dhulipala2021theoretically,
  title={Theoretically efficient parallel graph algorithms can be fast and scalable},
  author={Dhulipala, Laxman and Blelloch, Guy E and Shun, Julian},
  journal={ACM Transactions on Parallel Computing (TOPC)},
  volume={8},
  number={1},
  pages={1--70},
  year={2021},
  publisher={ACM New York, NY, USA}
}
@book{sanders2019sequential,
  title={Sequential and Parallel Algorithms and Data Structures},
  author={Sanders, Peter and Mehlhorn, Kurt and Dietzfelbinger, Martin and Dementiev, Roman},
  year={2019},
  publisher={Springer}
}
@article{sanders2023engineering,
  title={Engineering Massively Parallel MST Algorithms},
  author={Sanders, Peter and Schimek, Matthias},
  journal={arXiv preprint arXiv:2302.12199},
  year={2023}
}
@inproceedings{adler1998communication,
  title={Communication-optimal parallel minimum spanning tree algorithms},
  author={Adler, Micah and Dittrich, Wolfgang and Juurlink, Ben and Kuty{\l}owski, Miros{\l}aw and Rieping, Ingo},
  booktitle={Proceedings of the tenth annual ACM symposium on Parallel algorithms and architectures},
  pages={27--36},
  year={1998}
}

@inproceedings{chung1996parallel,
  title={Parallel implementation of Bouvka's minimum spanning tree algorithm},
  author={Chung, Sun and Condon, Anne},
  booktitle={Proceedings of International Conference on Parallel Processing},
  pages={302--308},
  year={1996},
  organization={IEEE}
}

@inproceedings{johnson1992parallel,
  title={A parallel algorithm for computing minimum spanning trees},
  author={Johnson, Donald B and Metaxas, Panagiotis},
  booktitle={Proceedings of the fourth annual ACM symposium on Parallel algorithms and architectures},
  pages={363--372},
  year={1992}
}

@article{bateni2017affinity,
  title={Affinity clustering: Hierarchical clustering at scale},
  author={Bateni, MohammadHossein and Behnezhad, Soheil and Derakhshan, Mahsa and Hajiaghayi, MohammadTaghi and Kiveris, Raimondas and Lattanzi, Silvio and Mirrokni, Vahab},
  journal={Advances in Neural Information Processing Systems},
  volume={30},
  year={2017}
}

@inproceedings{wassenberg2009efficient,
  title={An efficient parallel algorithm for graph-based image segmentation},
  author={Wassenberg, Jan and Middelmann, Wolfgang and Sanders, Peter},
  booktitle={International Conference on Computer Analysis of Images and Patterns},
  pages={1003--1010},
  year={2009},
  organization={Springer}
}

@inproceedings{li2011mst,
  title={A MST-based and new GA supported distribution network planning},
  author={Li, You and Chang, Xianrong},
  booktitle={2011 International Conference on Mechatronic Science, Electric Engineering and Computer (MEC)},
  pages={2534--2538},
  year={2011},
  organization={IEEE}
}


@article{valiant1990bridging,
  title={A bridging model for parallel computation},
  author={Valiant, Leslie G},
  journal={Communications of the ACM},
  volume={33},
  number={8},
  pages={103--111},
  year={1990},
  publisher={ACM New York, NY, USA}
}

@article{kruskal1956shortest,
  title={On the shortest spanning subtree of a graph and the traveling salesman problem},
  author={Kruskal, Joseph B},
  journal={Proceedings of the American Mathematical society},
  volume={7},
  number={1},
  pages={48--50},
  year={1956}
}


@article{prim1957shortest,
  title={Shortest connection networks and some generalizations},
  author={Prim, Robert Clay},
  journal={The Bell System Technical Journal},
  volume={36},
  number={6},
  pages={1389--1401},
  year={1957},
  publisher={Nokia Bell Labs}
}

@article{boruuvka1926jistem,
  title={O jistém problému minimálním},
  author={Bor{\r u}vka, Otakar},
  year={1926}
}

@inproceedings{funke2017communication,
  title={Communication-free Massively Distributed Graph Generation},
  author={Funke, Daniel and Lamm, Sebastian and Sanders, Peter and Schulz, Christian and Strash, Darren and von Looz, Moritz},
  booktitle={2018 {IEEE} International Parallel and Distributed Processing Symposium, {IPDPS} 2018, Vancouver, BC, Canada, May 21 -- May 25, 2018},
  year={2018},
}

@article{karger1995randomized,
  title={A randomized linear-time algorithm to find minimum spanning trees},
  author={Karger, David R and Klein, Philip N and Tarjan, Robert E},
  journal={Journal of the ACM (JACM)},
  volume={42},
  number={2},
  pages={321--328},
  year={1995},
  publisher={ACM New York, NY, USA}
}

@inproceedings{koohi2022mastiff,
  title={MASTIFF: structure-aware minimum spanning tree/forest},
  author={Koohi Esfahani, Mohsen and Kilpatrick, Peter and Vandierendonck, Hans},
  booktitle={Proceedings of the 36th ACM International Conference on Supercomputing},
  pages={1--13},
  year={2022}
}

@InProceedings{axtmann2017,
  author =	{Michael Axtmann and
                Sascha Witt and
                Daniel Ferizovic and
                Peter Sanders},
  title =	{{In-Place Parallel Super Scalar Samplesort (IPSSSSo)}},
  booktitle =	{25th Annual European Symposium on Algorithms (ESA 2017)},
  pages =	{9:1--9:14},
  series =	{Leibniz International Proceedings in Informatics (LIPIcs)},
  year =	{2017},
  volume =	{87},
  publisher =	{Schloss Dagstuhl--Leibniz-Zentrum fuer Informatik},
  doi =		{10.4230/LIPIcs.ESA.2017.9},
}

@article{HubSan2020RMAT, 
  title={Linear Work Generation of {R-MAT} Graphs}, 
  volume={8}, 
  number={4}, 
  journal={Network Science}, 
  publisher={Cambridge University Press}, 
  author={H{\"u}bschle-Schneider, Lorenz and Sanders, Peter}, 
  year={2020}, 
  pages={543 -- 550},
}

@article{sanders2009two,
  title={Two-tree algorithms for full bandwidth broadcast, reduction and scan},
  author={Sanders, Peter and Speck, Jochen and Tr{\"a}ff, Jesper Larsson},
  journal={Parallel Computing},
  volume={35},
  number={12},
  pages={581--594},
  year={2009},
  publisher={Elsevier}
}

@article{hoare1962quicksort,
  title={Quicksort},
  author={Hoare, Charles AR},
  journal={The computer journal},
  volume={5},
  number={1},
  pages={10--16},
  year={1962},
  publisher={Oxford University Press}
}